<?xml version="1.0" encoding="UTF-8"?><collection xmlns="http://www.loc.gov/MARC21/slim"><record><leader>00480nam--2200133-i-4500</leader><controlfield tag="001">000034449</controlfield><controlfield tag="002">20161230</controlfield><controlfield tag="005">20161230201040</controlfield><controlfield tag="008">060222s1000------------r-----000-0-eng-d</controlfield><datafield ind1=" " ind2=" " tag="100"><subfield code="a">Maienschein, F.C</subfield></datafield><datafield ind1=" " ind2=" " tag="245"><subfield code="a">Utilization of research reactor for reactor engineering studies at the oak ridge national laboratory</subfield></datafield><datafield ind1=" " ind2=" " tag="260"><subfield code="a">Oak Ridge, National Laboratory, 1961. 42p., 11fig</subfield></datafield><datafield ind1=" " ind2=" " tag="490"><subfield code="a">Conference On Programming And Utilisation Of Research Reactors, Vienna, 1961</subfield></datafield><datafield ind1=" " ind2=" " tag="852"><subfield code="a">16910</subfield></datafield></record></collection>